2227 3642
978 289 1023 315 IX

125 402 289 440 formas
321 412 427 449 quae
459 402 601 449 nobis,
637 402 663 439 i.
694 411 728 439 e.
757 401 866 438 mihi
894 404 937 439 et
962 402 1101 439 amico
1130 402 1164 439 J.
1193 412 1281 439 VAN
1310 403 1525 440 LEEUWEN
1553 404 1588 441 J.
1609 414 1659 450 1⁴⁸„
1690 403 1870 440 vitiosae

127 476 194 514 vel
226 477 396 524 spuriae
430 477 644 523 videntur,
680 476 856 522 ideoque
895 475 936 512 in
965 476 1152 513 editione
1179 478 1331 514 nostra
1358 477 1504 515 Iliadis
1535 480 1577 515 et
1605 477 1821 524 Odysseae
1847 474 1872 520 1)

124 551 217 588 sive
249 552 446 588 mutatae
478 551 579 588 sunt
611 551 705 588 sive
738 550 988 597 damnatae,
1023 550 1158 587 immo
1191 560 1362 596 operam
1391 551 1487 589 dedi
1520 554 1567 589 ut
1593 552 1721 590 index
1748 561 1872 589 meus

125 634 209 663 non
237 625 363 663 modo
388 625 442 662 iis
467 635 597 663 usum
626 625 684 663 sit
710 625 985 672 praebiturus
1013 624 1083 671 qui
1101 624 1327 662 nobiscum
1347 625 1526 674 faciant,
1545 627 1619 664 sed
1638 626 1690 663 iis
1708 635 1874 672 quoque

123 699 278 746 quibus
318 700 458 747 potior
504 700 562 738 sit
610 700 804 738 codicum
847 699 988 737 lectio.
1039 699 1194 737 Omnia
1240 700 1374 746 igitur
1416 700 1623 738 vocabula
1663 701 1704 738 in
1752 701 1872 748 parte

124 774 261 812 altera
292 777 602 813 enumerantur
632 775 751 813 nullo
784 775 1036 812 discrimine
1073 774 1296 822 distincta,
1337 775 1378 812 in
1412 776 1552 822 priore
1585 776 1726 812 autem
1755 777 1875 822 parte

126 850 434 888 vocabulorum
467 850 630 888 formas
663 849 787 888 nobis
820 850 1046 896 suspectas
1077 849 1248 886 uncinis
1280 849 1435 886 inclusi
1469 849 1703 896 quadratis.
1742 850 1878 886 Nemo

126 934 226 962 vero
258 925 497 972 postulabit
529 927 577 963 ut
605 925 737 963 etiam
770 925 1006 963 afferantur
1033 934 1181 971 voces,
1221 934 1328 971 quas
1361 924 1441 962 viri
1475 925 1589 962 docti
1631 925 1878 962 coniectura

126 999 319 1038 adhibita
375 1001 515 1038 textui
570 1000 826 1038 inserendas
884 1001 1169 1046 censuerunt;
1213 1009 1393 1046 quarum
1439 1009 1674 1047 perpaucas
1706 1000 1877 1036 tanturn

126 1075 286 1124 addidi,
332 1085 367 1113 e.
396 1085 434 1122 g.
478 1074 673 1123 αἰδήμων,
707 1073 995 1125 ἀναρτοιρεπής,
1021 1073 1244 1120 πῖδακόειςς
1288 1076 1454 1112 ceteras
1488 1074 1688 1122 colligere
1730 1084 1754 1111 a
1786 1083 1875 1121 pro-

125 1149 264 1197 posito
297 1160 395 1188 meo
428 1150 621 1188 alienum
655 1150 772 1188 duxi.

187 1299 323 1347 Quam
365 1299 408 1336 in
450 1300 529 1338 hoc
567 1299 706 1337 indice
740 1299 1037 1347 componendo
1071 1299 1148 1336 inii
1182 1298 1416 1346 rationem,
1450 1308 1499 1336 ea
1530 1298 1669 1345 primo
1701 1300 1878 1345 aspectu

126 1375 234 1413 satis
266 1374 437 1412 videtur
479 1374 690 1422 simplex:
734 1374 907 1422 singula
940 1373 1150 1412 vocabula
1173 1370 1201 1418 2)
1235 1374 1463 1422 exscripsi,
1500 1374 1642 1411 addidi
1674 1374 1877 1421 stirpem;

124 1450 276 1488 itidem
319 1450 515 1497 singulas
553 1451 711 1497 stirpes
734 1445 760 1494 3)
804 1449 1036 1497 exscripsi,
1073 1449 1215 1487 addidi
1242 1449 1513 1497 propagines.
1547 1448 1671 1486 Haud
1703 1448 1878 1486 dubium

125 1527 246 1563 ratus
267 1526 368 1572 quin
388 1525 494 1563 haec
510 1535 613 1563 vera
630 1526 834 1572 rectaque
853 1525 963 1563 ratio
982 1525 1117 1572 esset,
1139 1534 1246 1571 opus
1264 1524 1465 1562 inchoavi
1484 1524 1625 1562 alacer
1643 1525 1685 1561 et
1701 1522 1882 1561 fiduciae

126 1600 291 1648 plenus.
325 1601 425 1639 Mox
456 1602 602 1638 tamen
638 1599 835 1637 intellexi
868 1599 1047 1647 gravius
1079 1609 1215 1646 paene
1248 1608 1356 1636 onus
1384 1608 1453 1636 me
1481 1598 1723 1646 suscepisse
1750 1608 1879 1645 quam

125 1685 199 1723 pro
241 1675 407 1713 viribus
446 1675 575 1713 unius
616 1675 827 1723 hominis,
863 1685 965 1712 nam
1008 1684 1093 1712 non
1135 1673 1278 1712 solum
1316 1684 1491 1712 summa
1523 1684 1625 1711 cura
1656 1673 1878 1721 singulari-

126 1760 208 1797 que
255 1750 480 1798 diligentia
528 1750 771 1789 cavendum
820 1751 915 1788 erat
956 1760 1008 1787 ne
1056 1749 1246 1787 turbatis
1297 1748 1365 1787 vel
1408 1749 1599 1787 confusis
1640 1748 1754 1786 foliis
1794 1747 1880 1785 illis

126 1825 349 1872 Sibyllinis
392 1826 708 1864 inextricabilis
750 1824 873 1863 fieret
905 1835 1035 1873 error,
1070 1825 1163 1872 sed,
1199 1824 1240 1862 id
1274 1824 1384 1871 quod
1418 1825 1663 1862 niaximum
1695 1825 1803 1871 erat,
1838 1823 1879 1860 in

125 1900 333 1947 stirpibus
375 1901 693 1939 constituendis
735 1910 789 1938 ex
831 1900 964 1938 variis
1007 1906 1048 1938 et
1088 1899 1275 1937 diversis
1308 1900 1499 1937 virorum
1534 1899 1755 1937 doctorum
1789 1908 1879 1936 sen-

124 1975 275 2013 tentiis
307 1986 358 2014 ea
390 1978 482 2014 erat
515 1976 715 2024 eligenda
747 1985 855 2022 quae
889 1975 1083 2013 maxime
1116 1974 1352 2022 probabilis
1386 1975 1624 2012 videretur:
1663 1974 1758 2021 „hoc
1783 1984 1883 2021 opus

125 2050 188 2088 hic
229 2050 372 2089 labor”
415 2051 510 2089 fuit.
555 2051 765 2090 Attamen
799 2060 1058 2099 persuasum
1092 2050 1202 2088 mihi
1234 2049 1446 2088 habebam
1479 2049 1564 2087 tale
1597 2059 1703 2096 opus
1734 2051 1881 2086 mente

126 2125 254 2164 unius
295 2126 570 2174 dirigendum
614 2137 728 2175 esse,
771 2136 850 2164 nec
892 2125 985 2164 fieri
1027 2135 1155 2173 posse
1199 2125 1246 2162 ut
1287 2135 1364 2172 ope
1398 2124 1539 2162 aliena
1571 2124 1762 2162 adhibita
1792 2133 1880 2171 per·

123 2200 335 2240 ficeretur.
354 2201 506 2249 Itaque
525 2212 578 2240 ne
597 2202 788 2240 amicum
807 2201 982 2248 quidem
1002 2201 1094 2239 Van
1118 2201 1331 2238 Leeuwen
1355 2222 1405 2226 —
1425 2209 1551 2246 quem
1574 2200 1615 2237 in
1639 2199 1883 2237 Homericis

125 2287 200 2324 per
223 2276 412 2324 quinque
435 2277 523 2315 fere
546 2277 687 2315 lustra
709 2276 843 2315 fidum
871 2276 1227 2324 singularemque
1249 2275 1415 2313 socium
1444 2274 1571 2312 habui
1590 2274 1809 2321 habeoque
1829 2296 1879 2301 —-

125 2361 276 2399 rogare
304 2352 420 2390 volui
446 2354 495 2390 ut
521 2352 632 2390 mihi
659 2353 703 2390 in
732 2352 1022 2391 subtilissimo
1050 2351 1130 2389 hoc
1158 2361 1284 2398 opere
1303 2360 1427 2398 opem
1447 2350 1595 2398 ferret,
1616 2359 1880 2396 quamquam

126 2429 288 2475 optime
321 2428 513 2466 sciebam
545 2438 664 2477 eum,
694 2429 730 2466 si
759 2437 974 2475 rogarem,
1003 2427 1346 2465 detrectaturum
1372 2435 1455 2463 non
1475 2435 1584 2463 esse.
1613 2425 1882 2462 Assiduitate

125 2503 268 2551 igitur,
288 2504 550 2553 pervicacia,
569 2505 782 2552 patientia
800 2504 1028 2542 nitendum
1050 2504 1160 2541 erat:
1190 2512 1264 2549 per
1283 2501 1645 2549 quinquennium,
1675 2502 1883 2547 quantum

126 2578 233 2616 mihi
261 2580 353 2617 erat
381 2579 476 2626 otii,
515 2579 617 2618 huic
645 2589 800 2628 operae
829 2580 946 2625 dedi3
991 2587 1305 2625 nonnunquam
1330 2577 1472 2615 taedio
1500 2587 1636 2624 paene
1663 2576 1882 2614 succubui.

126 2653 317 2692 Tandem
355 2664 462 2702 opus
494 2654 675 2702 perfeci:
710 2655 822 2702 quod
856 2655 1025 2692 utinam
1059 2653 1156 2690 aliis
1189 2652 1461 2699 aliquantum
1495 2652 1552 2689 sit
1583 2651 1880 2699 profuturum!

184 2729 245 2768 Ne
272 2731 420 2768 tamen
447 2731 568 2778 putet
596 2731 814 2778 quispiam
838 2731 881 2768 in
901 2730 1132 2767 verborum
1152 2728 1438 2775 originatione
1456 2737 1525 2765 me
1543 2736 1656 2764 nova
1675 2725 1883 2773 quaedam

125 2806 378 2853 protulisse:
414 2807 713 2854 quodcumque
756 2806 872 2854 dedi,
918 2805 1016 2843 aliis
1058 2804 1209 2851 debeo,
1255 2812 1439 2850 quorum
1473 2802 1636 2849 scripta
1668 2801 1884 2849 consului,

127 2881 411 2929 perlustravi,
440 2883 638 2929 excussi;
668 2882 900 2928 animoque
928 2881 1052 2928 grato
1075 2879 1272 2918 omnium
1291 2878 1470 2916 nomina
1487 2877 1556 2915 hic
1574 2876 1881 2924 exscriberem,

177 3059 200 3100 ¹)
226 3057 398 3101 Lugduni
424 3057 648 3092 Batavorum
674 3056 773 3101 apud
800 3057 844 3090 A.
873 3055 928 3089 W.
956 3055 1112 3098 Sijlhonz

175 3119 200 3161 2)
227 3117 316 3152 Plus
342 3131 452 3162 quam
478 3119 603 3153 decem
630 3117 743 3152 milia.

174 3178 199 3221 ²)
224 3177 313 3212 Plus
339 3191 448 3222 quam
474 3178 574 3213 mille
600 3180 636 3212 et
661 3177 932 3221 septingentas.
