2227 3642
1144 305 1207 332 XII

297 419 478 465 pai-alivi
522 418 583 456 uti
626 419 784 466 solent,
830 419 983 466 vitavi,
1028 428 1187 456 cavens
1225 428 1277 456 ne
1311 418 1646 466 intempestivae
1679 418 1901 456 doctrinae
1932 428 2047 466 prae-

296 493 446 530 berent
481 494 682 540 speciem.
726 494 816 532 Non
860 495 975 532 enim
1019 494 1058 531 id
1101 494 1283 541 agebam
1317 495 1365 531 ut
1397 493 1651 541 indagarem
1687 494 1890 541 stirpium
1926 493 2035 532 Grae

296 577 441 604 carum
477 565 503 612 ¹)
545 569 774 617 originem,
820 570 892 607 sed
936 571 983 607 ut
1025 569 1296 617 singularum
1332 569 1535 617 stirpium
1569 569 1827 617 propagines
1858 569 1971 607 inter
2003 579 2050 607 se

295 642 614 690 coniungerem.

353 718 502 764 Itaque
549 719 750 767 stirpium
800 730 983 767 quarum
1032 720 1174 758 forma
1221 719 1392 758 brevior
1441 722 1492 764 (e.
1527 730 1565 767 g.
1614 734 1703 771 fan,
1747 722 1832 770 μιν)
1881 719 2048 758 nullum

295 793 551 831 vocabulum
594 795 743 842 genuit
785 795 996 834 Graecum
1031 797 1104 833 aut
1137 796 1292 833 saltem
1328 795 1632 844 Homericum,
1667 795 1924 843 ampliorem
1957 794 2053 832 dedi

292 868 479 906 sormam
524 872 650 921 (fotu,
688 873 819 922 f0n1);
864 880 994 918 saepe
1042 872 1205 919 tamen,
1256 871 1326 908 ubi
1371 870 1735 918 qualemcumque
1777 869 1830 908 ob
1873 879 2051 908 causam

295 943 398 980 utile
441 943 679 993 videbatur,
725 946 767 982 in
809 946 1062 993 parenthesi
1104 946 1288 983 alteram
1331 946 1491 993 addidi,
1532 946 1750 993 imprimis
1798 944 1869 983 ubi
1911 945 2054 993 prima

294 1019 456 1056 vocalis
501 1020 703 1067 spiritum
747 1030 949 1068 asperum
993 1021 1135 1059 habet.
1181 1021 1390 1068 Stirpium
1433 1031 1542 1067 quae
1584 1021 1636 1058 ab
1676 1020 1907 1059 elementis
1940 1021 1978 1069 λ,
2009 1035 2054 1069 μ,

296 1108 334 1141 v,
375 1108 410 1143 ρ,
454 1104 475 1130 σ
521 1095 705 1132 duarum
752 1095 999 1134 litterarum
1047 1097 1140 1134 vice
1188 1096 1471 1143 fungentibus
1518 1096 1751 1144 incipiunt,
1799 1096 2054 1145 plerumque

292 1168 476 1207 formam
506 1169 779 1217 primitivam
807 1171 921 1219 dedi,
957 1171 1010 1208 iis
1038 1171 1233 1218 exceptis
1260 1171 1310 1209 de
1337 1171 1493 1218 quibus
1522 1181 1607 1209 non
1637 1173 1807 1210 constat
1836 1182 2053 1219 quaenam

293 1244 396 1282 olim
429 1244 558 1283 fuerit
591 1255 779 1284 consona
807 1247 1000 1285 initialis
1029 1246 1120 1295 Qua
1147 1247 1189 1284 in
1216 1257 1262 1285 re
1291 1247 1535 1285 Gustavum
1564 1248 1707 1295 Meyer
1735 1249 1912 1286 secutus
1938 1258 2052 1287 sum.

353 1319 582 1369 Stirpibus,
628 1331 809 1368 quarum
854 1332 1006 1369 parum
1051 1324 1168 1360 certa
1211 1324 1278 1360 est
1316 1322 1474 1371 forma,
1509 1333 1543 1361 e.
1574 1333 1613 1370 g.
1648 1320 1776 1372 ἀφυσ,
1807 1337 1908 1373 γων,
1938 1321 2055 1374 ἐρημ,

293 1396 336 1432 in
368 1397 491 1442 parte
523 1397 819 1444 etymologica
850 1398 1026 1445 signum
1060 1398 1417 1445 interrogationis
1450 1398 1640 1446 appinxi.

352 1471 673 1519 Nonnunquam
717 1483 792 1520 pro
834 1473 969 1521 stirpe
1011 1473 1155 1521 ipsum
1198 1473 1294 1511 dedi
1337 1473 1618 1522 vocabulum,
1663 1484 1697 1512 e.
1726 1484 1764 1521 g.
1805 1473 1864 1523 δε,
1897 1471 1968 1523 ἐτι,
1998 1487 2056 1523 τε,

292 1545 363 1583 ubi
401 1547 520 1594 origo
554 1549 629 1585 aut
660 1548 787 1595 plane
820 1549 1056 1596 ignoratur,
1091 1551 1167 1587 aut
1199 1550 1290 1587 tam
1325 1549 1452 1588 dubia
1486 1550 1552 1587 est
1584 1551 1632 1587 ut
1658 1549 1709 1587 de
1737 1559 1787 1588 ea
1819 1549 2054 1598 quidquam

293 1623 484 1661 statuere
516 1624 799 1662 temerarium
833 1624 1043 1663 videatur.

352 1698 399 1735 In
441 1700 562 1746 parte
595 1700 867 1747 alphabetica
898 1700 1189 1748 complurium
1223 1701 1534 1739 vocabulorum
1568 1701 1702 1750 stirps
1735 1711 1819 1740 non
1853 1703 1922 1740 est
1953 1702 2056 1743 indi-

295 1775 391 1811 cata
420 1770 465 1823 ²),
510 1776 604 1813 sive
648 1776 689 1813 vi
731 1775 914 1814 obscura
955 1778 1059 1814 sunt
1095 1778 1138 1814 et
1170 1777 1297 1824 plane
1330 1776 1540 1825 obsoleta,
1577 1777 1703 1825 quale
1734 1777 1925 1828 κρήγυος,
1961 1777 2056 1816 sive

293 1851 402 1898 apud
451 1853 624 1899 poetam
673 1852 793 1891 nulla
841 1852 1000 1890 habent
1042 1853 1226 1900 cognata
1268 1853 1335 1891 vel
1376 1855 1554 1901 agnata,
1600 1853 1726 1901 quale
1759 1855 1827 1892 est
1859 1851 2054 1903 ἀφαυρός.

292 1927 419 1965 Nolui
450 1929 599 1965 tamen
633 1928 851 1966 constanti
881 1928 1047 1966 ratione
1080 1938 1130 1966 ea
1161 1928 1204 1966 in
1238 1938 1282 1966 re
1314 1929 1397 1975 uti,
1431 1929 1507 1967 sed
1540 1929 1700 1978 stirpes
1732 1929 1847 1968 haud
1875 1940 2053 1978 paucas,

294 2003 405 2041 unde
451 2003 623 2051 singula
669 2004 798 2041 modo
847 2003 1056 2041 vocabula
1103 2004 1144 2041 in
1204 2004 1438 2042 Homerica
1490 2004 1678 2043 dictione
1725 2007 2054 2054 procreverunt,

294 2079 653 2127 commemoravi,
704 2079 907 2126 quoniam
956 2079 1163 2117 utilitatis
1210 2079 1370 2126 aliquid
1417 2080 1574 2118 harum
1621 2080 1787 2119 mentio
1830 2080 2057 2119 videbatur

296 2155 467 2193 habere.
1879 2141 1882 2144 ‚

353 2231 537 2269 Nomina
568 2232 754 2279 propria,
789 2232 883 2270 sive
916 2231 1230 2279 mythologica,
1266 2231 1359 2269 sive
1386 2231 1692 2280 geographica,
1726 2242 1910 2279 quorum
1938 2232 2057 2280 origo

294 2307 403 2344 satis
436 2308 635 2345 constare
671 2307 839 2345 videtur
862 2303 910 2356 ⁸),
945 2307 1158 2355 stirpibus
1192 2308 1303 2345 unde
1337 2308 1467 2345 ducta
1498 2309 1600 2345 sunt
1634 2307 1863 2356 adscripsi;
1906 2308 1981 2346 sed
2014 2309 2058 2347 et

295 2382 614 2421 obscurioribus
646 2383 924 2431 quibusdam,
960 2393 1068 2430 quae
1101 2384 1194 2421 sive
1226 2383 1441 2422 adiectiva
1472 2383 1747 2432 possessiva,
1792 2384 1886 2422 sive
1916 2385 2055 2432 patro·

296 2457 470 2503 nymica
502 2460 779 2507 pepererunt,
814 2459 998 2506 stirpem
1032 2459 1129 2497 dedi
1158 2458 1323 2507 fictam,
1361 2459 1510 2506 quales
1537 2460 1640 2497 sunt
1665 2467 1808 2511 μκαρ,
1835 2454 1920 2507 ide-z,
1947 2458 2058 2509 ἰμβρ,

298 2533 344 2569 ut
376 2534 417 2569 et
448 2533 553 2570 talia
585 2534 764 2571 nomina
796 2534 838 2571 in
865 2536 987 2582 parte
1014 2535 1153 2583 priore
1180 2535 1293 2573 inter
1320 2545 1367 2573 se
1395 2535 1626 2573 coniuncta
1652 2534 1839 2573 inveniri
1864 2537 2056 2583 possent.

358 2607 532 2654 Quoties
582 2609 626 2646 in
678 2610 887 2657 stirpibus
937 2610 1180 2648 statuendis
1230 2610 1343 2648 inter
1396 2611 1539 2648 varias
1587 2610 1812 2648 doctorum
1862 2610 2056 2648 virorum

298 2684 540 2721 sententias
587 2685 693 2722 duae
741 2695 874 2732 aeque
921 2685 1162 2732 probabiles
1204 2686 1313 2724 mihi
1364 2685 1631 2732 videbantur,
1686 2687 1918 2732 utrumque
1961 2685 2058 2723 dedi

300 2758 477 2804 etymon
520 2759 666 2798 addito
703 2761 829 2807 „(vid.
863 2762 960 2799 st..
984 2762 1083 2810 ,.)”,
1127 2772 1161 2800 e.
1191 2772 1229 2809 g.
1270 2762 1312 2799 in
1346 2772 1450 2800 voce
1490 2760 1673 2810 αἰπόλος,
1705 2761 1830 2799 cuius
1869 2760 2057 2809 primam

349 2960 371 3001 ¹)
401 2958 447 2992 Ut
471 2959 515 2993 de
540 2960 729 2994 vocabulis
755 2961 942 2996 Semiticis
967 2964 1120 2996 taceam.

346 3019 371 3061 ²)
397 3018 524 3062 Neque
550 3020 697 3063 signum
723 3021 1028 3065 interrogationis
1053 3022 1199 3061 addidi,
1224 3022 1319 3056 nihil
1344 3022 1380 3056 id
1406 3022 1550 3065 profore
1576 3023 1689 3056 ratus.

348 3080 371 3122 ³)
399 3082 478 3120 Qua
512 3080 549 3114 in
575 3093 611 3115 re
636 3094 860 3125 permagnae
886 3083 976 3117 mihi
1002 3084 1072 3118 fuit
1096 3083 1250 3118 utilitati
1276 3085 1405 3117 notum
1431 3095 1542 3127 opus:
1577 3082 1666 3125 „Die
1693 3082 1950 3126 griechischen
1976 3082 2057 3116 Per-

303 3152 555 3174 sonennainen
591 3130 685 3175 nach
713 3142 811 3176 ihrer
838 3143 1001 3187 Bildung
1026 3144 1164 3178 erklart
1189 3144 1265 3178 und
1294 3143 1558 3187 systematisch
1584 3143 1763 3186 geordnet
1789 3156 1859 3177 von
1884 3144 1928 3178 A.
1955 3143 2056 3178 Flex.

302 3198 332 3232 ’2.
359 3200 453 3233 Auss.
481 3200 685 3235 bearbeitet
709 3215 778 3236 von
805 3203 843 3236 F.
870 3203 1039 3238 Bncmnt
1064 3204 1140 3238 und
1165 3205 1209 3238 A.
1246 3204 1347 3238 an.
1372 3203 1589 3247 Gtstfingen,
1616 3203 1711 3238 1894.
