2227 3642
1122 275 1199 301 VIII

288 400 339 437 ad
388 407 520 435 unum
568 404 720 433 omnes
768 391 972 430 novimus
1019 399 1123 428 voce
1171 386 1290 438 ἀγέλη
1332 387 1513 425 indicari
1555 395 1739 434 qreqem,
1782 386 2042 431 armentum,

287 482 389 511 voce
421 470 562 515 κύκλος
594 468 751 516 orbem,
787 467 1009 513 circulum,
1046 474 1149 502 voce
1182 462 1328 508 πέπλος
1361 465 1524 510 veslem,
1553 462 1751 509 palliam,
1783 469 1888 498 voce
1913 457 2045 497 πέλεια

286 546 518 585 columbam
565 544 832 590 (silvestrem),
886 552 988 580 voce
1036 539 1199 586 ἀνεψιός
1250 538 1385 586 silium
1434 537 1682 584 patruelem,
1728 535 2044 581 consobrinum;

287 624 331 660 at
377 622 534 668 quotus
582 620 763 666 quisque
811 617 1039 656 nominum
1090 617 1181 653 tam
1226 613 1512 651 familiarium
1555 612 1767 659 originem
1811 609 2050 648 meditatus

286 699 353 735 est
399 695 621 742 unquam?
670 693 774 741 Spes
823 694 970 730 autem
1019 692 1087 728 est
1134 689 1224 727 fore
1272 690 1319 726 ut
1366 687 1435 725 hic
1482 687 1615 725 index
1662 686 1774 724 satis
1821 684 2049 724 commode

286 771 517 808 institutus
558 768 737 806 Homeri
779 766 1000 804 studiosos
1042 765 1094 802 ad
1143 763 1357 810 originem
1406 762 1559 799 horum
1608 760 1879 808 aliorumque
1926 770 2049 799 voca-

288 845 485 883 bulorum
527 842 840 890 exquirendam
885 840 1062 878 alliciat.
1107 839 1195 886 Ope
1238 837 1376 885 partis
1417 836 1596 874 alterius
1627 836 1720 874 sive
1754 835 2050 883 alphabeticae

285 920 401 958 fac-ili
450 919 625 966 negotio
673 917 996 964 cognoscuntur
1043 914 1204 961 stirpes
1248 912 1362 950 unde
1404 913 1507 949 sunt
1549 911 1697 957 ducta;
1742 920 1850 958 quae
1891 910 2053 958 stirpes

287 994 400 1032 haud
438 994 601 1032 maiore
633 992 780 1030 labore
813 1001 893 1029 suo
926 990 1018 1028 loco
1052 989 1095 1027 in
1129 990 1253 1036 parte
1287 986 1580 1034 etymologica
1617 983 1642 1031 ¹)
1676 988 1880 1024 inventae
1913 987 2053 1024 osten·

287 1070 390 1108 dent
431 1069 530 1116 quid
574 1067 824 1106 nominibus
867 1065 953 1104 illis
985 1074 1140 1103 revera
1172 1063 1403 1101 indicetur:
1437 1060 1556 1112 ἀγέλη
1589 1062 1630 1100 id
1664 1064 1731 1100 est
1758 1061 1869 1108 quod
1900 1059 2050 1111 ἄγεται,

287 1145 447 1193 optime
494 1143 625 1191 igitur
668 1143 861 1181 redditur
906 1151 1010 1180 voce
1053 1140 1229 1188 Belgica
1271 1138 1386 1187 clrift,
1433 1137 1694 1177 Germanica
1739 1136 1878 1183 Trieb3
1911 1136 2055 1181 κύκλος

286 1219 508 1268 (primitus
540 1220 725 1263 κυκυλος)
762 1228 845 1270 per
883 1216 1273 1264 reduplicationem
1310 1215 1453 1253 ortum
1489 1214 1556 1252 est
1589 1223 1643 1251 ex
1676 1213 1812 1261 stirpe
1845 1213 1935 1260 κυλ,
1973 1221 2057 1258 qua

290 1294 493 1342 quidquid
540 1293 769 1332 rotundum
817 1294 883 1330 est
931 1290 1169 1339 significari
1213 1300 1267 1328 ex
1310 1289 1469 1327 ceteris
1512 1288 1723 1326 derivatis
1765 1287 1876 1325 satis
1912 1287 2053 1334 patet;

289 1370 438 1408 eadem
481 1369 649 1407 ratione
686 1366 832 1413 πέπλος
865 1367 1086 1415 (primitus
1119 1367 1299 1410 πεπελος)
1333 1365 1513 1402 ductum
1546 1364 1613 1401 est
1646 1373 1700 1400 ex
1733 1362 1869 1410 stirpe
1902 1371 1952 1399 111
1983 1363 2054 1398 πελ

282 1445 458 1493 plicare,
494 1444 606 1482 unde
640 1440 779 1488 ἁπλοῖς
812 1452 979 1490 quoque
1012 1443 1054 1480 et
1086 1440 1227 1486 δίπλαξ
1256 1441 1352 1478 orta
1379 1440 1501 1487 sunt,
1531 1440 1575 1477 et
1602 1438 1665 1476 sic
1692 1437 1882 1475 nominis
1899 1446 2055 1475 sensus

287 1520 415 1568 plane
448 1519 704 1567 perspicuus
736 1518 805 1565 fit;
841 1527 993 1556 vocem
1027 1515 1159 1554 πέλεια
1191 1516 1357 1564 peperit
1390 1516 1526 1562 stirps
1559 1524 1591 1551 11
1618 1515 1704 1561 πελ,
1741 1522 1894 1551 canam
1923 1511 2056 1560 igitur

288 1605 415 1633 avem
458 1594 639 1632 indicari
682 1594 802 1642 origo
845 1593 1142 1638 demonstrat3
1182 1589 1347 1638 ἀνεψιός
1382 1590 1565 1637 denique
1598 1590 1740 1627 ortum
1777 1589 1845 1626 est
1876 1598 1931 1626 ex
1962 1587 2056 1626 stir-

288 1669 413 1718 pibus
446 1680 493 1706 σοι
522 1672 577 1714 (z
597 1672 679 1718 σεμ)
713 1671 756 1707 et
787 1682 899 1717 νεπτ,
935 1670 979 1706 et
1010 1667 1218 1714 quoniam
1252 1666 1326 1704 illa
1357 1665 1492 1713 stirps
1525 1665 1659 1703 etiam
1692 1663 1906 1702 vocabula
1932 1658 1986 1708 εἷς
2013 1664 2055 1700 et

289 1744 369 1793 ἅμα
412 1746 456 1783 et
497 1741 591 1793 ὁμός
633 1744 807 1793 genuit,
851 1744 957 1782 haec
999 1744 1147 1781 autem
1182 1741 1322 1780 cuivis
1355 1742 1459 1779 nota
1491 1741 1558 1778 est
1591 1750 1645 1778 ex
1678 1738 1857 1778 vocibus
1890 1738 2058 1776 Latinis

291 1831 412 1869 nepos
455 1822 496 1858 et
537 1820 683 1869 neptis,
728 1829 858 1858 nemo
896 1829 982 1857 non
1015 1817 1231 1865 intellegit
1261 1816 1472 1855 vocabulo
1505 1813 1670 1863 ἀνεψιός
1702 1814 1885 1852 indicari
1917 1824 2056 1852 cmme-

284 1899 419 1944 potem
464 1897 607 1940 (venia
648 1886 713 1934 sit‘
749 1895 881 1933 verbo
924 1893 1025 1933 ficto
1040 1895 1063 1938 1)
1107 1894 1151 1932 et
1190 1890 1384 1940 ἀιεψιούς
1426 1891 1572 1930 vocari
1610 1901 1683 1929 eos
1716 1890 1789 1937 qui
1821 1900 1874 1928 ex
1907 1890 2056 1928 eodem

289 1981 371 2010 avo
404 1973 507 2010 sunt
539 1971 754 2020 prognati.

347 2046 477 2085 Plura
517 2047 720 2095 exempla
760 2056 846 2084 non
887 2046 1068 2084 afferam
1102 2043 1259 2092 quibus
1293 2044 1594 2082 demonstrem
1631 2042 1745 2080 haud
1778 2041 1901 2089 parvi
1933 2041 2058 2079 inter-

289 2133 383 2161 esse
416 2124 462 2160 ut
495 2124 699 2161 cunctam
728 2122 924 2161 eiusdem
952 2120 1102 2169 stirpis
1128 2120 1293 2168 prolem
1321 2129 1406 2157 uno
1433 2120 1612 2166 aspectu
1641 2117 1871 2165 complecti
1897 2116 2057 2165 possis;

289 2197 422 2235 allata
450 2198 605 2236 indicis
633 2198 761 2235 huius
790 2207 919 2235 usum
946 2197 1057 2234 satis
1085 2195 1313 2234 ostendere
1331 2195 1548 2232 videntur.
1575 2193 1725 2231 Altera
1750 2195 1899 2231 autem
1916 2192 2058 2241 operis

288 2283 388 2320 pars
429 2273 490 2311 ita
534 2275 602 2312 est
644 2273 888 2311 constituta
927 2274 975 2310 ut
1017 2271 1135 2310 nullo
1177 2271 1325 2309 labore
1359 2270 1460 2308 sciri
1494 2269 1633 2317 possit
1665 2278 1775 2316 quae
1809 2278 1938 2307 voces
1971 2267 2060 2306 sint

289 2347 441 2385 obviae
488 2348 529 2386 in
579 2347 869 2396 carminibus,
913 2356 1024 2394 quae
1068 2346 1200 2394 vulgo
1242 2346 1447 2384 dicuntur
1488 2345 1737 2382 Homerica.
1780 2344 2057 2391 Hymnorum

291 2433 456 2470 quoque
504 2423 716 2461 vocabula
762 2424 810 2461 ut
858 2422 1099 2470 reciperem
1147 2432 1217 2460 res
1264 2421 1388 2468 tulit3
1432 2430 1571 2467 neque
1613 2420 1943 2467 Epigrammata
1983 2420 2058 2457 aut

290 2498 553 2546 Fragmenta
599 2499 746 2547 omisi,
796 2499 898 2537 licet
945 2498 1093 2546 procul
1142 2497 1270 2535 dubio
1325 2496 1486 2535 ceteris
1540 2495 1629 2533 sint
1676 2495 1941 2541 recentiora;
1985 2493 2058 2541 qui

292 2573 495 2611 versiculi
540 2584 776 2622 perpaucas
823 2574 1047 2612 continent
1094 2583 1223 2611 voces
1271 2582 1357 2610 non
1400 2570 1502 2609 alibi
1545 2571 1587 2608 in
1632 2570 1875 2608 Homericis
1907 2569 2057 2608 lectas.

292 2648 869 2696 Batracho[myo]machiam
918 2659 1038 2697 vero,
1089 2648 1214 2686 cuius
1256 2657 1400 2686 sermo
1444 2656 1467 2683 a
1510 2646 1652 2694 prisca
1693 2645 1881 2683 dictione
1913 2644 2059 2693 procul

293 2722 513 2772 abhorret,
549 2724 735 2773 exclusi,
772 2724 977 2771 quoniam
1008 2723 1220 2762 vocabula
1252 2732 1362 2770 quae
1395 2722 1433 2760 ei
1465 2721 1639 2770 propria
1672 2722 1776 2758 sunt
1802 2720 1903 2758 huic
1929 2720 2061 2758 indici

294 2797 456 2835 inserta
488 2800 729 2837 ceterorum
764 2809 943 2838 sensum
972 2799 1259 2837 obscuratura
1287 2799 1411 2836 erant
1437 2797 1580 2844 potius
1608 2806 1739 2843 quam
1767 2795 2055 2834 illustratura.

354 2872 466 2910 Hinc
511 2883 720 2912 numerus
768 2874 1079 2913 vocabulorum
1130 2873 1320 2921 amplius
1367 2873 1515 2910 decem
1565 2871 1737 2909 milium
1787 2871 1930 2909 factus
1971 2872 2056 2919 est,

295 2946 407 2984 inter
450 2958 559 2994 quae
602 2950 749 2987 tamen
785 2949 1009 2997 complura
1041 2949 1107 2986 bis
1140 2950 1245 2987 sunt
1277 2948 1528 2994 numerata,
1565 2956 1600 2986 e.
1633 2957 1672 2994 g.
1705 2945 1834 2998 ιμάστυ
1870 2947 1911 2984 et
1946 2944 2057 2994 ἄστυ,

297 3018 429 3071 ὁέδμα
476 3023 519 3060 et
567 3022 712 3072 δείδια,
760 3021 945 3073 ὀλόμενος
994 3027 1037 3063 et
1088 3023 1317 3073 οὐλόμενος.
1365 3021 1608 3060 Excludere
1656 3022 1770 3059 enim
1819 3021 1938 3060 nolui
1985 3031 2059 3060 eas

343 3171 365 3213 ¹)
392 3170 481 3205 Pars
506 3172 604 3215 prior
628 3174 763 3216 stirpes
789 3175 1035 3217 alphabetice
1063 3174 1253 3209 ordinatas
1279 3173 1402 3208 habet.
