2227 3642
1160 278 1190 306 X

299 396 381 432 nisi
419 403 590 432 vererer
631 403 685 430 ne
718 393 759 430 in
793 392 1089 430 enumerando
1121 392 1266 440 plures
1303 394 1552 432 omitterem
1592 402 1720 440 quam
1764 390 2051 429 nominarem.

299 469 414 506 Duos
456 470 627 506 tantum
671 468 860 516 excipio:
906 466 1137 506 Guecavum
1176 468 1326 517 Meyer,
1360 469 1454 517 piae
1488 468 1742 515 memoriae,
1783 467 1825 504 et
1856 464 2052 503 Carolum

301 544 575 592 Bruymann,
621 553 802 590 quorum
846 552 975 590 opera
1000 539 1027 587 1)
1059 545 1285 591 tantopere
1324 544 1432 582 mihi
1467 544 1664 592 profuere
1696 544 1746 580 ut
1778 541 1922 590 palam
1956 550 2051 579 con·

298 618 420 657 fitear
453 629 522 656 me
555 619 794 666 errantem,
829 617 1145 666 ambigentem,
1181 618 1454 657 dubitantem
1484 618 1535 657 ab
1566 618 1621 656 iis
1648 627 1734 656 non
1761 616 1888 655 modo
1915 615 2054 654 semel

298 697 426 741 atque
460 694 614 732 iterum
650 693 724 731 sed
757 693 1016 741 saepissime
1048 693 1273 732 inductum
1310 703 1407 732 esse
1439 694 1482 731 in
1515 694 1678 732 rectam
1712 692 1845 730 viam.

357 769 498 806 Etiam
541 769 683 816 signa,
728 768 883 815 quibus
916 770 1146 815 utramque
1184 769 1380 807 litteram
1414 771 1485 807 eta
1517 771 1617 813 (za
1651 769 1695 805 et
1727 769 1816 811 ze)
1849 765 2051 814 distinxi,

297 844 438 892 specie
480 844 621 891 magis
661 854 792 891 quam
835 854 880 882 re
922 854 1036 883 nova
1078 846 1193 883 sunt.
1233 845 1325 883 Iam
1359 845 1585 883 duodecim
1618 843 1708 882 fere
1740 842 1866 881 annis
1898 841 2056 880 abhinc

298 919 390 957 Van
432 919 645 957 Leeuwen
688 919 731 957 in
774 921 796 965 ἓ
841 920 865 957 6
910 919 1142 958 Enchiridz‘i
1180 920 1367 959 dictionis
1402 920 1536 968 epicae
1567 921 1764 957 nostram
1798 918 1848 956 de
1880 916 1999 956 sonis
2031 925 2056 953 ᾶ

299 998 341 1034 et
374 1010 398 1045 η
431 996 474 1033 in
507 995 751 1033 Homericis
785 995 1031 1043 opinionem
1065 996 1309 1034 luculenter
1343 996 1562 1045 exposuit,
1597 1005 1734 1042 neque
1768 1003 1881 1032 nunc
1913 992 2055 1041 opinio

298 1072 372 1109 illa
418 1072 587 1108 mutata
635 1072 722 1118 est;
771 1069 929 1108 fiducia
973 1071 1100 1109 modo
1149 1072 1300 1109 crevit.
1350 1071 1468 1110 Tunc
1516 1071 1633 1109 enim
1687 1073 1797 1118 (pag.
1847 1069 1915 1113 39)
1962 1067 2055 1106 Van

299 1147 509 1185 Leeuwen
556 1146 750 1194 scripsit:
804 1146 890 1194 „Ne
939 1146 978 1184 id
1029 1147 1200 1193 quidem
1251 1147 1345 1185 ausi
1393 1157 1568 1195 sumus,
1613 1146 1724 1194 quod
1764 1147 1912 1183 tamen
1963 1143 2056 1181 sine

302 1221 551 1270 „dispendio
594 1220 684 1259 fieri
727 1223 916 1270 poterat,
959 1223 1007 1259 ut
1048 1222 1187 1269 signis
1230 1222 1551 1269 aliquantulum
1595 1221 1782 1260 diversis
1824 1219 2057 1267 distingue-

303 1307 475 1344 „remus
517 1298 752 1344 utrumque
786 1298 857 1335 eta
888 1299 989 1341 (za
1021 1297 1170 1341 etze)
1203 1297 1572 1344 quemadmodum
1606 1296 1711 1335 fecit
1743 1306 1778 1335 e.
1807 1306 1846 1344 g.
1880 1294 1982 1334 Fick
2014 1294 2057 1332 in

303 1372 481 1420 „hymni
523 1372 737 1420 Apollinis
780 1372 889 1410 Delii
932 1372 1185 1410 recensione
1226 1372 1394 1420 (Odyss.
1437 1382 1533 1420 pag.
1579 1372 1662 1410 286
1705 1373 1838 1419 sqq.);
1877 1370 2059 1418 posthac

303 1449 476 1495 „tamen
519 1448 706 1486 fortasse
747 1449 926 1486 utemur
968 1448 1048 1486 hoc
1088 1447 1373 1496 adminiculo,
1419 1457 1501 1494 quo
1543 1457 1670 1486 nemo
1713 1446 1872 1485 offendi
1909 1446 1985 1484 aut
2014 1445 2059 1483 in

304 1533 519 1571 „errorem
551 1523 688 1571 abripi
720 1533 846 1571 posse
880 1523 1104 1569 videtur'';
1138 1533 1254 1561 nunc
1286 1524 1428 1562 amico
1456 1523 1726 1562 assentiente
1754 1521 1888 1560 Fickii
1914 1531 2058 1560 exem-

300 1600 416 1648 plum
461 1601 640 1638 secutus
683 1609 780 1637 sum
813 1595 853 1644 2).
899 1599 1086 1647 Operam
1129 1601 1277 1637 autem
1320 1599 1415 1638 dedi
1457 1601 1505 1638 ut
1547 1599 1673 1647 signa
1712 1598 1822 1637 satis
1863 1598 1975 1636 inter
2013 1606 2060 1635 se

300 1675 544 1714 differrent:
598 1675 722 1722 signa
763 1676 807 1711 H
846 1676 889 1713 et
929 1689 954 1724 η
997 1674 1190 1713 indicant
1242 1676 1314 1713 eta
1360 1674 1467 1713 illud
1514 1675 1628 1723 quod
1675 1683 1729 1713 ex
1776 1683 1882 1712 sono
1929 1683 1947 1711 e
1993 1673 2061 1710 est

300 1752 469 1799 natum,
505 1752 575 1789 eta
607 1761 662 1789 ex
692 1760 797 1789 sono
831 1761 856 1788 α
889 1752 1043 1789 natum
1078 1750 1274 1790 redditur
1307 1750 1444 1799 signis
1477 1753 1512 1788 Η
1544 1752 1587 1789 et
1621 1766 1657 1789 n.

358 1827 473 1865 Usus
516 1826 643 1864 huius
691 1825 942 1884 adminiculi
990 1826 1195 1873 quamvis
1242 1826 1488 1865 innocentis
1536 1828 1578 1864 et
1625 1836 1727 1864 suas
1775 1825 1926 1864 attulit
1972 1835 2060 1864 mo-

299 1903 464 1941 lestias.
508 1902 615 1940 Sunt
656 1885 774 1940 enim
817 1901 930 1939 haud
979 1901 1041 1939 ita
1083 1911 1221 1950 pauca
1263 1902 1492 1951 vocabula,
1535 1912 1720 1950 quorum
1764 1912 1900 1950 neque
1943 1901 2062 1949 origo

301 1979 470 2016 constat
512 1987 649 2025 neque
691 1977 832 2015 forma
863 1976 1017 2015 Dorica
1049 1978 1126 2015 aut
1156 1977 1355 2025 Aeolica;
1390 1978 1432 2016 in
1466 1978 1534 2015 his
1565 1978 1699 2026 igitur
1731 1978 1858 2026 signa
1889 1978 1933 2014 H
1962 1978 2006 2016 et
2037 1992 2062 2027 η

301 2053 471 2092 retinui.
515 2053 619 2091 Dein
665 2052 899 2090 haerebam
944 2052 986 2089 in
1029 2052 1258 2091 adiectivis
1290 2052 1451 2102 θυήεις,
1483 2052 1653 2102 κοτήεις,
1684 2052 1850 2103 τελήεις,
1879 2062 2063 2100 quorum

302 2130 461 2177 stirpes
493 2130 536 2167 in
568 2139 628 2166 -εσ
660 2128 910 2166 desinentes
941 2127 1119 2166 tandem
1152 2128 1261 2165 mihi
1293 2131 1606 2177 persuaserunt
1638 2130 1687 2167 ut
1716 2127 1819 2178 -ήεις
1850 2138 1935 2167 non
1962 2128 2063 2174 -ιὶεις

302 2205 558 2252 scriberem;
588 2204 744 2243 ceteris
770 2205 939 2251 tamen,
970 2203 1064 2241 sive
1093 2214 1147 2242 ex
1176 2204 1310 2252 stirpe
1337 2205 1382 2242 in
1414 2213 1458 2241 -ᾶ
1485 2207 1588 2243 sunt
1614 2206 1710 2243 orta
1727 2205 1821 2244 sive
1838 2204 2066 2252 analogiae

304 2281 512 2319 debentur
554 2284 603 2325 (e.
632 2290 670 2327 g.
714 2279 903 2327 μεσήεις),
945 2288 1075 2317 suum
1119 2294 1142 2316 n
1175 2279 1284 2318 dedi.
1319 2280 1550 2318 Praeterea
1582 2280 1760 2328 negotia
1790 2280 1900 2318 mihi
1932 2280 2064 2319 faces-

303 2357 501 2394 siverunt
541 2355 755 2394 adiectiva
797 2353 987 2402 praefixo
1030 2355 1236 2403 negativo
1268 2370 1309 2392 ν-
1342 2356 1514 2394 munita
1539 2351 1585 2404 3),
1620 2365 1700 2394 nec
1732 2366 1819 2394 non
1852 2355 2067 2394 adiectiva

305 2432 496 2470 verbalia
528 2445 692 2480 -κμκτος
726 2432 769 2469 ei:
803 2429 949 2480 δμκτός
977 2441 1032 2469 eX
1074 2431 1285 2480 stirpibus
1327 2441 1507 2481 καμ-κμᾶ
1539 2433 1582 2470 et
1615 2431 1814 2481 δαμ-δμᾱ,
1847 2430 1991 2482 δμητός
2023 2434 2066 2471 et

251 2493 259 2498 ’
304 2507 462 2556 -βλητος
495 2517 550 2545 ex
576 2508 786 2556 stirpibus
820 2507 992 2556 δεμ-δμη
1022 2509 1064 2545 et
1094 2509 1255 2559 βελ-βλη
1283 2510 1400 2547 nata.
1419 2508 1615 2555 Denique
1633 2509 1832 2547 aestuavi
1850 2509 1892 2547 in
1922 2508 2066 2548 verbis

304 2581 500 2631 πίμπλημι
547 2584 590 2621 et
636 2581 826 2634 ῥήγνῦμι,
872 2593 1059 2631 quorum
1101 2582 1269 2622 formae
1317 2585 1532 2633 πιμπλᾶσι,
1574 2583 1816 2634 πίμπλαντο,
1862 2582 2065 2636 ὑπερράγη

354 2769 377 2810 ¹)
404 2768 651 2804 Griechische
689 2770 952 2804 Grammatik
991 2779 1068 2803 von
1102 2768 1258 2803 Gustav
1292 2768 1434 2812 Meyer.
1468 2768 1601 2803 Dritte
1638 2769 1856 2803 vermehrte
1888 2767 2064 2811 Auflaye.

310 2829 484 2872 Leipzig,
528 2829 614 2863 1896
656 2829 726 2872 (int
770 2830 984 2866 Bibliothek
1029 2829 1402 2874 Indogermanischer
1444 2828 1741 2868 Grammatiken,
1787 2828 1893 2862 Band
1930 2827 1994 2871 ΙΙΙ)
2030 2828 2066 2861 et

312 2888 557 2923 Griechische
586 2889 847 2926 Grammatik
876 2903 950 2927 von
976 2893 1045 2927 Dr.
1072 2893 1181 2927 Karl
1206 2892 1462 2934 Bruymann.
1492 2889 1624 2923 Drttte
1651 2889 1827 2933 Aufiaye.
1856 2888 2064 2930 Mz'assnchen,

314 2948 397 2982 1900
433 2948 483 2989 (in
517 2948 726 2983 Handbuch
760 2950 823 2985 der
848 2951 1091 2987 Klassischen
1117 2949 1637 2989 Altertums·Wissenschaft‚
1662 2948 1969 2992 herausgegeben
1994 2959 2064 2982 von

312 3007 371 3041 Dr.
397 3008 496 3042 Iwau
524 3021 593 3042 von
620 3009 760 3049 Mulier,
787 3010 945 3046 Zweiter
971 3012 1095 3053 Band,
1124 3013 1152 3046 1.
1178 3011 1408 3055 Abteilung).

355 3070 380 3111 ²¹)
407 3068 504 3103 Idem
539 3069 667 3104 fat-turi
701 3083 829 3106 sumus
864 3073 900 3106 in
933 3074 1043 3108 tertia
1075 3073 1202 3108 Iliadis
1235 3075 1271 3107 et
1304 3071 1496 3116 Odysseae
1522 3071 1702 3110 editione,
1728 3083 1822 3114 quae
1849 3082 1933 3104 mox
1958 3069 2066 3104 nobis

312 3129 472 3163 curanda
498 3130 576 3164 erit.
642 3128 644 3130 ’

355 3189 378 3231 ³³)
408 3189 458 3222 De
484 3190 619 3232 quibus
648 3191 716 3225 vid.
744 3192 837 3227 infra
863 3206 896 3237 p.
924 3206 984 3227 mv
1010 3195 1046 3228 et
1071 3192 1154 3228 Van
1183 3193 1366 3228 Leeuwen
1392 3192 1538 3229 Euchir.
1564 3205 1598 3238 p.
1623 3191 1699 3227 248.
