2227 3642
182 1039 390 1078 Dictionis
428 1038 686 1077 Homericae
716 1047 766 1076 ea
798 1039 864 1076 est
906 1039 1092 1088 indoles,
1134 1050 1184 1078 ea
1218 1041 1432 1088 vetustas,
1469 1042 1516 1077 ut
1549 1039 1757 1078 vocabula
1790 1040 1879 1077 vim

122 1126 248 1154 suam
290 1115 365 1152 aut
404 1114 619 1161 integram
662 1113 703 1150 in
742 1123 792 1151 ea
823 1114 1042 1151 servarint
1073 1116 1148 1152 aut
1180 1115 1458 1162 integriorem
1494 1125 1622 1162 quam
1657 1115 1700 1152 in
1733 1115 1881 1162 lingua

123 1190 218 1229 aevi
250 1188 516 1228 recentioris.
552 1188 667 1236 Quae
698 1188 764 1226 vis
797 1190 845 1226 ut
877 1189 1007 1236 probe
1040 1190 1177 1237 possit
1203 1190 1418 1237 cognosci,
1449 1189 1660 1228 vocabula
1689 1199 1796 1236 quae
1826 1200 1879 1227 ex

124 1276 209 1304 una
255 1265 490 1311 eademque
529 1263 663 1312 stirpe
704 1266 1015 1311 procreverunt
1047 1266 1150 1303 sunt
1182 1265 1440 1303 conferenda
1471 1266 1515 1302 et
1546 1265 1658 1302 inter
1690 1273 1736 1301 se
1769 1274 1878 1301 com-

124 1340 328 1389 paranda.
360 1339 622 1377 Persuasum
654 1339 786 1387 igitur
817 1339 954 1378 habeo
983 1349 1121 1386 neque
1149 1340 1350 1378 inutilem
1379 1349 1517 1386 neque
1544 1340 1763 1387 ingratum
1792 1339 1880 1377 fore

124 1415 303 1453 Homeri
333 1415 540 1452 studiosis
572 1414 764 1453 indicem
806 1415 1179 1463 Etymologicum,
1218 1416 1261 1453 in
1293 1425 1376 1462 quo
1410 1415 1588 1453 omissis
1623 1414 1881 1462 ambagibus

124 1490 313 1529 breviter
345 1489 686 1537 simpliciterque
718 1490 877 1538 stirpes
911 1500 1146 1538 earumque
1177 1490 1321 1538 proles
1354 1490 1611 1528 indicentur.

184 1565 439 1604 Versionem
492 1565 695 1603 Latinam
743 1565 930 1613 singulis
977 1565 1201 1604 vocabulis
1253 1566 1408 1604 addere
1455 1565 1588 1613 nolui,
1636 1575 1690 1603 ne
1737 1565 1884 1602 addita

124 1641 265 1689 magis
311 1641 487 1679 noceret
534 1650 665 1688 quam
708 1640 958 1688 adiuvaret;
1005 1641 1192 1679 indicem
1237 1641 1354 1679 enim
1398 1640 1758 1688 etymologicum,
1797 1650 1881 1678 non

123 1716 293 1754 lexicon
320 1725 576 1764 componere
604 1715 938 1765 constitueram,
968 1727 1153 1764 eumque
1181 1726 1266 1754 non
1293 1716 1419 1764 plane
1447 1715 1625 1753 rudibus
1643 1714 1881 1762 destinavi,

124 1792 199 1830 sed
241 1792 619 1831 exercitatioribus
662 1794 705 1830 et
746 1793 965 1840 imprimis
996 1793 1050 1830 iis
1082 1792 1155 1839 qui
1187 1791 1452 1830 carminibus
1485 1790 1729 1829 Homericis
1761 1790 1882 1828 fami—

123 1867 286 1906 liariter
319 1869 512 1906 utantur.

180 1942 241 1981 De
272 1943 480 1991 stirpibus
513 1943 671 1981 saltem
698 1942 851 1980 Latine
884 1942 1114 1980 reddendis
1141 1942 1455 1989 aliquantisper
1481 1940 1698 1986 dubitavi;
1733 1940 1807 1978 sed
1840 1940 1882 1977 in

121 2018 176 2056 iis
207 2018 342 2056 nimis
373 2018 539 2056 multae
571 2019 674 2056 sunt
707 2028 887 2065 quarum
918 2027 1075 2056 sensus
1108 2018 1183 2055 aut
1215 2016 1392 2055 omnino
1419 2016 1655 2063 ignoratur,
1690 2016 1764 2052 aut
1791 2015 1881 2051 tam

123 2092 277 2132 dubius
329 2095 412 2142 est,
462 2094 509 2131 ut
556 2093 623 2132 vel
673 2093 1044 2140 Indogermanicis
1099 2092 1261 2139 linguis
1319 2091 1584 2138 comparatis
1643 2091 1882 2138 aegerrime

122 2169 325 2217 divinari,
359 2169 518 2208 nedum
552 2179 626 2217 pro
656 2170 773 2207 certo
807 2168 1016 2207 constitui
1049 2167 1209 2216 possit:
1238 2167 1433 2215 pluribus
1460 2166 1590 2214 igitur
1609 2165 1770 2213 verbiS,
1798 2175 1882 2202 non

123 2255 208 2284 uno
253 2245 427 2282 tantum
475 2244 698 2282 duobusve
759 2244 811 2281 ad
859 2243 1196 2291 explicationem
1244 2252 1351 2289 opus
1397 2242 1567 2279 fuisset.
1617 2240 1884 2288 Quapropter

122 2321 261 2359 satius
302 2320 446 2358 visum
488 2321 555 2358 est
595 2319 799 2367 stirpium
843 2328 1010 2366 quoque
1054 2318 1302 2356 versionem
1346 2317 1566 2364 omittere,
1602 2315 1657 2352 iis
1690 2314 1884 2362 exceptis

124 2406 232 2443 quae
273 2406 379 2434 sono
421 2406 549 2444 pares
586 2396 689 2434 sunt
721 2404 801 2432 nec
834 2393 1085 2441 quantitate
1112 2392 1251 2431 aliove
1284 2392 1408 2439 signo
1441 2392 1554 2429 inter
1587 2401 1633 2429 se
1665 2389 1884 2427 differunt.

125 2471 235 2509 Hinc
275 2471 441 2509 factum
484 2472 552 2509 est
592 2472 640 2508 ut
683 2470 928 2507 versionem
971 2468 1236 2515 adscriptam
1276 2467 1468 2505 habeant
1504 2466 1665 2513 stirpes
1697 2476 1712 2502 1
1744 2462 1810 2514 ἀερ
1843 2465 1886 2502 et

124 2557 157 2585 11
199 2544 284 2597 ἀερ,
327 2557 341 2584 1
382 2545 447 2597 αἰγ
492 2548 536 2584 et
576 2557 608 2583 11
640 2544 723 2596 αἰγ,
755 2544 866 2582 aliae
898 2544 1082 2592 multae,
1118 2553 1202 2581 non
1237 2541 1429 2580 habeant
1461 2539 1518 2589 ἀφ
1551 2542 1596 2579 et
1628 2537 1703 2589 ἀφ,
1729 2540 1811 2590 βι-ο
1844 2541 1887 2578 et

124 2622 207 2672 βιο,
239 2632 362 2659 σ-καπ
394 2622 438 2660 et
472 2631 594 2671 σκᾶπ,
625 2635 708 2671 «pocy
742 2622 785 2659 et
816 2628 909 2670 φᾶγ.
1162 2665 1166 2670 .

183 2697 340 2736 Itidem
381 2697 539 2736 erroris
577 2696 745 2735 vitandi
778 2695 918 2744 gratia
950 2693 1186 2741 vocabuliS,
1222 2702 1329 2740 quae
1362 2692 1564 2730 dicuntur
1596 2690 1885 2738 homonyma,

126 2772 371 2811 versionem
405 2772 566 2821 addidi,
602 2771 779 2810 etiamsi
813 2770 992 2808 accentu
1025 2769 1139 2806 inter
1172 2778 1218 2806 se
1251 2767 1562 2815 discreparent.

185 2922 424 2971 Quaeretur
463 2924 650 2962 fortasse
692 2931 823 2970 nunc,
867 2920 1074 2968 quidnam
1116 2917 1320 2957 utilitatis
1363 2927 1493 2956 voces
1539 2917 1697 2965 nudae,
1734 2915 1888 2963 quibus

127 2998 246 3036 nulla
273 2998 505 3046 explicatio
538 2999 597 3037 sit
623 2998 785 3046 addita,
821 2996 916 3035 sola
944 2996 1077 3042 stirpe
1110 2994 1320 3041 indicata,
1355 2992 1559 3041 praebere
1586 2992 1768 3040 possint.
1802 2991 1889 3029 Nec

128 3076 221 3113 sine
256 3085 388 3113 causa
420 3074 566 3122 quaeri
594 3073 777 3111 videtur.
813 3071 938 3110 Haud
970 3072 1121 3108 tamen
1154 3068 1340 3107 difficilis
1379 3068 1461 3106 erit
1492 3067 1734 3115 responsio,
1769 3066 1885 3104 dum-

127 3150 255 3189 modo
302 3149 410 3188 mihi
457 3149 718 3188 concedatur
761 3149 808 3186 ut
851 3145 1065 3193 exemplis
1106 3154 1180 3193 pro
1223 3143 1494 3192 argumentis
1528 3144 1639 3181 utar.
1674 3144 1709 3179 A
1741 3141 1888 3190 pueris
